% Bibliografia

@BOOK{Wyszecki,
      author = "G. Wyszecki and W.S. Stiles",
      title = "Color Science: Cocepts and Methods, Quantitative Data and Formulae",
      publisher = "New York: Wiley",
      year = "1982"}

@BOOK{Gonzalez,
      author = "R.C. Gonzalez and P.A. Wintz",
      title = "Digital Image Processing",
      publisher = "Reading, MA: Addison-Wesley",
      year = "1987"}

@BOOK{Zamperoni,
      author = "R. Klette and P. Zamperoni",
      title = "Handbook of Image processing Operators",
      publisher = "Chichester: Wiley",
      year = "1996"}

@ARTICLE{Meer,
      author = {P. Meer and E.S. Baugher and A. Rosenfeld},
      title = "{"Frequency domain analysis and synthesis of image pyramid generating kernels"}",
      journal = {IEEE Trans. on Pattern Anal. Machine Intell.},
      year = 1987,
      volume = "PAMI-9",
      number = 4,
      pages = " pp. 512--522"}

@ARTICLE{Lee,
      author = {J.H. Lee and B.H. Chang and S.D. Kim},
      title = "{"Comparisons of colours transformation for image segmentation"}",
      journal = {Electronics Letters},
      year = 1994,
      month = {Sept.},
      volume = 30,
      number = 20,
      pages = " pp. 1660--1661"}

@ARTICLE{Schmid,
      author = {P. Schmid},
      title = "{"Segmentation of digitized dermatoscopic images by two-dimensional color clustering"}",
      journal = {IEEE Trans. on Medical Imaging},
      year = 1999,
      month = {Feb.},
      volume = "MI-18",
      number =2,
      pages = " pp. 164--171"}

@ARTICLE{Wouver,
      author = {G. Van de Wouver and P. Scheunders and S. Livens and D. Van Dyck},
      title = "{"Wavelet correlation signatures for color texture characterization"}",
      journal = {},
      year = 1998,
      month = {July}}

@ARTICLE{Ohta,
      author = {Y.I. Ohta and T. Kanade and T. Sakai},
      title = "{"Color information for region segmentation"}",
      journal = {Computer Graphics and Image Processing},
      year = 1980,
      volume = 13,
      pages = " pp. 980--992"}

@ARTICLE{Haralick87,
      author = {R.M. Haralick and S.R. Sternberg and X. Zhuang},
      title = "{"Image analysis using mathematical morphology"}",
      journal = {IEEE Trans. on Pattern Anal. Machine Intell.},
      year = 1987,
      volume = "PAMI-9",
      number = 4,
      pages = " pp. 532--550"}

@BOOK{Haralick92,
      author = "R.M. Haralick and L.G. Shapiro",
      title = "Computer Vision, Volume I",
      publisher = "Reading, MA: Addison-Wesley",
      year = "1992"}
 
@BOOK{Jahne,
      author = "B. J\''{a}ne",
      title = "Digital Image Processing. Concepts, Algorithms and Scientific Applications",
      publisher = "New York: Springer",
      year = "1991"}

@ARTICLE{Lucchese,
      author = {L. Lucchese and S.K. Mitra},
      title = "{"Color image segmentation: a state-of-the-art survey"}",
      journal = {},
      year = {},
      volume = {},
      number = {},
      pages = {}}
      
@ARTICLE{Otsu,
      author = {N. Otsu},
      title = "{"A threshold selection method from gray-level histograms"}",
      journal = {IEEE Trans. on SMC},
      year = {1979},
      volume = {SMC-9},
      number = {},
      pages = { pp. 62--66}}

@BOOK{Fukunaga,
      author = "K. Fukunaga",
      title = "Introduction to Statistical Pattern Recognition",
      publisher = "Ney York: Academic Press",
      edition = "2nd",
      year = "1990"}

@ARTICLE{Perona,
      author = {P. Perona and J. Malik},
      title = "{"Scale-space and edge detection using anisotropic diffusion"}",
      journal = {IEEE Trans. on Pattern Anal. Machine Intell.},
      year = 1990,
      volume = "PAMI-12",
      number = 7,
      pages = " pp. 629--639 "}

@ARTICLE{Fischl,
      author = {B. Fischl and E.L. Schwartz},
      title = "{"Adaptive nonlocal filtering: a fast alternative to anisotropic diffusion for image enhancement"}",
      journal = {IEEE Trans. on Pattern Anal. Machine Intell.},
      year = 1999,
      volume = "PAMI-21",
      number = 1,
      pages = " pp. 42--48"}

@ARTICLE{Puzicha,
      author = {J. Puzicha and J.M. Buhmann and Y. Rubner and C. Tomasi},
      title = "{"Empirical evaluation of dissimilarity measures for color and texture"}",
      journal = {Proc. of the IEEE Int. Conf. on Computer Vision (ICCV99)},
      year = 1999,
      volume = {},
      number = {},
      pages = " pp. 1165--1173"}

@ARTICLE{Hofmann,
      author = {T. Hofmann and J. Puzicha and J.M. Buhmann},
      title = "{"Texture image segmentation in a deterministic annealing framework"}",
      journal = {IEEE Trans. on Pattern Anal. Machine Intell.},
      year = 1998,
      volume = "PAMI-20",
      number = 8,
      pages = {}}

@ARTICLE{Gevers,
      author = {T. Gevers and S. Ghebreab and A.W.M. Smeulders},
      title = "{"Color invariant snakes"}",
      journal = {Proc. of the 9th British Machine Vision Conf.},
      year = 1998,
      volume = "Vol. 2",
      number = {},
      pages = " pp. 578--588"}

@ARTICLE{Kass,
      author = {M. Kass and A. Witkin and D. Terzopoulos},
      title = "{"Snakes: active contour models"}",
      journal = {Int'l Journal of Computer Vision},
      year = 1988,
      volume = "Vol. 1",
      number = {},
      pages = " pp. 321--331"}

@ARTICLE{Canny,
      author = {J.F. Canny},
      title = "{"A computational approach to edge detection"}",
      journal = {IEEE Trans. on Pattern Anal. Machine Intell.},
      year = 1986,
      volume = "PAMI-8",
      number = 6,
      pages = " pp. 679--698"}

@ARTICLE{Yuille,
      author = {S.C. Zhu and A. Yuille},
      title = "{"Region competition: unifying snakes, region growing, and bayes/MDL for multiband image segmentation"}",
      journal = {IEEE Trans. on Pattern Anal. Machine Intell.},
      year = 1996,
      volume = "PAMI-18",
      number = 9,
      pages = " pp.884--900"}

@ARTICLE{Duncan,
      author = {A. Chakraborty and J.S. Duncan},
      title = "{"Game-theoretic integration for image segmentation"}",
      journal = {IEEE Trans. on Pattern Anal. Machine Intell.},
      year = 1999,
      volume = "PAMI-21",
      number = 1,
      pages = " pp. 12--30"}

@ARTICLE{Perona90,
      author = {P. Perona and K. Malik},
      title = "{"Detecting and localizing edges composed of steps, peaks and roofs"}",
      journal = {Proc. of the Third Int. Conf. on Computer Vision},
      year = {IEEE Coputer Society, Osaka, 1990},
      volume = {},
      number = {},
      pages = " pp. 52--57"}
      
@BOOK{Bose,
      author = "N.K. Bose and P. Liang",
      title = "Neural Networks Fundamentals with Graphs, Algorithms and Applications",
      publisher = "New York: McGraw-Hill",
      year = "1996"}

@BOOK{BlakeAC,
      author = "A. Blake and M. Isard",
      title = "Active Contours",
      publisher = "Cambridge, England: Springer-Verlag",
      year = "1998"}

@BOOK{BlakeAV1,
      author = "D. Terzopoulos and R. Szeliski",
      title = "Tracking with Kalman snakes",
      publisher = "Active Vision, A. Blake and A. Yuille (eds.) Cambridge MA: MIT Press",
      year = "1992",  
      note = "pp. 3--20"}

@BOOK{BlakeAV2,
      author = "R. Curwen and A. Blake",
      title = "Dynamic contours: real-time active splines",
      publisher = "Active Vision, A. Blake and A. Yuille (eds.) Cambridge MA: MIT Press",
      year = "1992",  
      note = "pp. 39--57"}

@BOOK{Bartels,
      author = "R. Bartels and J. Beatty and B. Barsky",
      title = "An Introduction to Splines for use in Computer Graphics and Geometric Modeling",
      publisher = "Morgan Kaufmann",
      year = "1987"}

@ARTICLE{Yezzi,
      author = {A. Yezzi and A. Tsai and A. Willsky},
      title = "{"A statistical approach to curve evolution for image segmentation"}",
      journal = {Proc. of the Seventh IEEE Int. Conf. on Computer Vision},
      year = {Kerkyra, Greece, 1999},
      volume = {},
      number = {},
      pages = {}}

@ARTICLE{Malladi,
      author = {R. Malladi and J.A. Sethian and B.C. Vemuri},
      title = "{"Shape modeling with front propagation: a level set approach"}",
      journal = {IEEE Trans. on Pattern Anal. Machine Intell.},
      year = 1995,
      volume = "PAMI-17",
      number = 2,
      pages = " pp. 158--175"}

@ARTICLE{Terzopoulos,
      author = {T. McInerney and D. Terzopoulos},
      title = "{"Topologically adaptable snakes"}",
      journal = {Proc. of the Fifth Int. Conf. on Computer Vision, Cambridge, MA},
      year = 1995,
      volume = "ICCV95",
      number = {},
      pages = " pp. 840--845"}
